
@INPROCEEDINGS{Lupton2002,
   author = {{Lupton}, R.~H. and {Ivezi\'{c}, \v{Z}.} and {Gunn}, J.~E. and {Knapp}, G. and 
	{Strauss}, M.~A. and {Yasuda}, N.},
    title = "{SDSS Imaging Pipelines}",
booktitle = {Survey and Other Telescope Technologies and Discoveries},
     year = 2002,
   series = {Society of Photo-Optical Instrumentation Engineers (SPIE) Conference Series},
   volume = 4836,
   editor = {{Tyson}, J.~A. and {Wolff}, S.},
    month = dec,
    pages = {350-356},
      doi = {10.1117/12.457307},
   adsurl = {http://adsabs.harvard.edu/abs/2002SPIE.4836..350L},
  adsnote = {Provided by the SAO/NASA Astrophysics Data System}
}

@INPROCEEDINGS{Lupton2001,
   author = {{Lupton}, R. and {Gunn}, J.~E. and {{Ivezi{\'c}}, \v{Z}.} and {Knapp}, G.~R. and 
	{Kent}, S.},
    title = "{The SDSS Imaging Pipelines}",
booktitle = {Astronomical Data Analysis Software and Systems X},
     year = 2001,
   series = {Astronomical Society of the Pacific Conference Series},
   volume = 238,
   eprint = {astro-ph/0101420},
   editor = {{Harnden}, Jr., F.~R. and {Primini}, F.~A. and {Payne}, H.~E.
	},
    pages = {269},
   adsurl = {http://adsabs.harvard.edu/abs/2001ASPC..238..269L},
  adsnote = {Provided by the SAO/NASA Astrophysics Data System}
}


@ARTICLE{Pier2003,
   author = {{Pier}, J.~R. and {Munn}, J.~A. and {Hindsley}, R.~B. and {Hennessy}, G.~S. and 
	{Kent}, S.~M. and {Lupton}, R.~H. and {Ivezi{\'c}}, {\v Z}.},
    title = "{Astrometric Calibration of the Sloan Digital Sky Survey}",
  journal = {\aj},
   eprint = {astro-ph/0211375},
 keywords = {Astrometry, Methods: Data Analysis, Surveys},
     year = 2003,
    month = mar,
   volume = 125,
    pages = {1559-1579},
      doi = {10.1086/346138},
   adsurl = {http://adsabs.harvard.edu/abs/2003AJ....125.1559P},
  adsnote = {Provided by the SAO/NASA Astrophysics Data System}
}


@ARTICLE{Roddier1981,
   author = {{Roddier}, F.},
    title = "{The effects of atmospheric turbulence in optical astronomy}",
  journal = {Progress in optics.~Volume 19.~Amsterdam, North-Holland Publishing Co., 1981, p.~281-376.},
 keywords = {Astronomy, Atmospheric Optics, Atmospheric Turbulence, Light Transmission, Turbulence Effects, Energy Spectra, High Resolution, Image Resolution, Michelson Interferometers, Optical Paths, Optical Transfer Function, Scintillation},
     year = 1981,
   volume = 19,
    pages = {281-376},
      doi = {10.1016/S0079-6638(08)70204-X},
   adsurl = {http://adsabs.harvard.edu/abs/1981PrOpt..19..281R},
  adsnote = {Provided by the SAO/NASA Astrophysics Data System}
}


@INPROCEEDINGS{Racine2009,
   author = {{Racine}, R.},
    title = "{An Astronomer's View of Optical Turbulence}",
booktitle = {Optical Turbulence: Astronomy Meets Meteorology},
     year = 2009,
   editor = {{Masciadri}, E. and {Sarazin}, M.},
    month = sep,
    pages = {13-22},
      doi = {10.1142/9781848164864_0002},
   adsurl = {http://adsabs.harvard.edu/abs/2009otam.conf...13R},
  adsnote = {Provided by the SAO/NASA Astrophysics Data System}
}


@ARTICLE{Racine1996,
   author = {{Racine}, R.},
    title = "{Temporal Fluctuations of Atmospheric Seeing}",
  journal = {\pasp},
 keywords = {ATMOSPHERIC EFFECTS},
     year = 1996,
    month = apr,
   volume = 108,
    pages = {372},
      doi = {10.1086/133732},
   adsurl = {http://adsabs.harvard.edu/abs/1996PASP..108..372R},
  adsnote = {Provided by the SAO/NASA Astrophysics Data System}
}


@ARTICLE{VMT1998,
   author = {{Vernin}, J. and {Mu{\~n}oz-Tu{\~n}{\'o}n}, C.},
    title = "{The temporal behaviour of seeing}",
  journal = {\nar},
     year = 1998,
    month = nov,
   volume = 42,
    pages = {451-454},
      doi = {10.1016/S1387-6473(98)00051-7},
   adsurl = {http://adsabs.harvard.edu/abs/1998NewAR..42..451V},
  adsnote = {Provided by the SAO/NASA Astrophysics Data System}
}


@ARTICLE{Ivezic2007,
   author = {{Ivezi{\'c}}, {\v Z}. and {Smith}, J.~A. and {Miknaitis}, G. and 
	{Lin}, H. and {Tucker}, D. and {Lupton}, R.~H. and {Gunn}, J.~E. and 
	{Knapp}, G.~R. and {Strauss}, M.~A. and {Sesar}, B. and {Doi}, M. and 
	{Tanaka}, M. and {Fukugita}, M. and {Holtzman}, J. and {Kent}, S. and 
	{Yanny}, B. and {Schlegel}, D. and {Finkbeiner}, D. and {Padmanabhan}, N. and 
	{Rockosi}, C.~M. and {Juri{\'c}}, M. and {Bond}, N. and {Lee}, B. and 
	{Stoughton}, C. and {Jester}, S. and {Harris}, H. and {Harding}, P. and 
	{Morrison}, H. and {Brinkmann}, J. and {Schneider}, D.~P. and 
	{York}, D.},
    title = "{Sloan Digital Sky Survey Standard Star Catalog for Stripe 82: The Dawn of Industrial 1\% Optical Photometry}",
  journal = {\aj},
   eprint = {astro-ph/0703157},
 keywords = {catalogs, instrumentation: photometers, methods: data analysis, standards, surveys, techniques: photometric},
     year = 2007,
    month = sep,
   volume = 134,
    pages = {973-998},
      doi = {10.1086/519976},
   adsurl = {http://adsabs.harvard.edu/abs/2007AJ....134..973I},
  adsnote = {Provided by the SAO/NASA Astrophysics Data System}
}


@ARTICLE{Sesar2007,
   author = {{Sesar}, B. and {Ivezi{\'c}}, {\v Z}. and {Lupton}, R.~H. and 
	{Juri{\'c}}, M. and {Gunn}, J.~E. and {Knapp}, G.~R. and {DeLee}, N. and 
	{Smith}, J.~A. and {Miknaitis}, G. and {Lin}, H. and {Tucker}, D. and 
	{Doi}, M. and {Tanaka}, M. and {Fukugita}, M. and {Holtzman}, J. and 
	{Kent}, S. and {Yanny}, B. and {Schlegel}, D. and {Finkbeiner}, D. and 
	{Padmanabhan}, N. and {Rockosi}, C.~M. and {Bond}, N. and {Lee}, B. and 
	{Stoughton}, C. and {Jester}, S. and {Harris}, H. and {Harding}, P. and 
	{Brinkmann}, J. and {Schneider}, D.~P. and {York}, D. and {Richmond}, M.~W. and 
	{Vanden Berk}, D.},
    title = "{Exploring the Variable Sky with the Sloan Digital Sky Survey}",
  journal = {\aj},
archivePrefix = "arXiv",
   eprint = {0704.0655},
 keywords = {Galaxy: halo, Galaxy: stellar content, quasars: general, stars: Population II, stars: variables: other},
     year = 2007,
    month = dec,
   volume = 134,
    pages = {2236-2251},
      doi = {10.1086/521819},
   adsurl = {http://adsabs.harvard.edu/abs/2007AJ....134.2236S},
  adsnote = {Provided by the SAO/NASA Astrophysics Data System}
}

@ARTICLE{SDSSEDR,
   author = {{Stoughton}, C. and {Lupton}, R.~H. and {Bernardi}, M. and {Blanton}, M.~R. and 
	{Burles}, S. and {Castander}, F.~J. and {Connolly}, A.~J. and 
	{Eisenstein}, D.~J. and {Frieman}, J.~A. and {Hennessy}, G.~S. and 
	{Hindsley}, R.~B. and {Ivezi{\'c}}, {\v Z}. and {Kent}, S. and 
	{Kunszt}, P.~Z. and {Lee}, B.~C. and {Meiksin}, A. and {Munn}, J.~A. and 
	{Newberg}, H.~J. and {Nichol}, R.~C. and {Nicinski}, T. and 
	{Pier}, J.~R. and {Richards}, G.~T. and {Richmond}, M.~W. and 
	{Schlegel}, D.~J. and {Smith}, J.~A. and {Strauss}, M.~A. and 
	{SubbaRao}, M. and {Szalay}, A.~S. and {Thakar}, A.~R. and {Tucker}, D.~L. and 
	{Vanden Berk}, D.~E. and {Yanny}, B. and {Adelman}, J.~K. and 
	{Anderson}, Jr., J.~E. and {Anderson}, S.~F. and {Annis}, J. and 
	{Bahcall}, N.~A. and {Bakken}, J.~A. and {Bartelmann}, M. and 
	{Bastian}, S. and {Bauer}, A. and {Berman}, E. and {B{\"o}hringer}, H. and 
	{Boroski}, W.~N. and {Bracker}, S. and {Briegel}, C. and {Briggs}, J.~W. and 
	{Brinkmann}, J. and {Brunner}, R. and {Carey}, L. and {Carr}, M.~A. and 
	{Chen}, B. and {Christian}, D. and {Colestock}, P.~L. and {Crocker}, J.~H. and 
	{Csabai}, I. and {Czarapata}, P.~C. and {Dalcanton}, J. and 
	{Davidsen}, A.~F. and {Davis}, J.~E. and {Dehnen}, W. and {Dodelson}, S. and 
	{Doi}, M. and {Dombeck}, T. and {Donahue}, M. and {Ellman}, N. and 
	{Elms}, B.~R. and {Evans}, M.~L. and {Eyer}, L. and {Fan}, X. and 
	{Federwitz}, G.~R. and {Friedman}, S. and {Fukugita}, M. and 
	{Gal}, R. and {Gillespie}, B. and {Glazebrook}, K. and {Gray}, J. and 
	{Grebel}, E.~K. and {Greenawalt}, B. and {Greene}, G. and {Gunn}, J.~E. and 
	{de Haas}, E. and {Haiman}, Z. and {Haldeman}, M. and {Hall}, P.~B. and 
	{Hamabe}, M. and {Hansen}, B. and {Harris}, F.~H. and {Harris}, H. and 
	{Harvanek}, M. and {Hawley}, S.~L. and {Hayes}, J.~J.~E. and 
	{Heckman}, T.~M. and {Helmi}, A. and {Henden}, A. and {Hogan}, C.~J. and 
	{Hogg}, D.~W. and {Holmgren}, D.~J. and {Holtzman}, J. and {Huang}, C.-H. and 
	{Hull}, C. and {Ichikawa}, S.-I. and {Ichikawa}, T. and {Johnston}, D.~E. and 
	{Kauffmann}, G. and {Kim}, R.~S.~J. and {Kimball}, T. and {Kinney}, E. and 
	{Klaene}, M. and {Kleinman}, S.~J. and {Klypin}, A. and {Knapp}, G.~R. and 
	{Korienek}, J. and {Krolik}, J. and {Kron}, R.~G. and {Krzesi{\'n}ski}, J. and 
	{Lamb}, D.~Q. and {Leger}, R.~F. and {Limmongkol}, S. and {Lindenmeyer}, C. and 
	{Long}, D.~C. and {Loomis}, C. and {Loveday}, J. and {MacKinnon}, B. and 
	{Mannery}, E.~J. and {Mantsch}, P.~M. and {Margon}, B. and {McGehee}, P. and 
	{McKay}, T.~A. and {McLean}, B. and {Menou}, K. and {Merelli}, A. and 
	{Mo}, H.~J. and {Monet}, D.~G. and {Nakamura}, O. and {Narayanan}, V.~K. and 
	{Nash}, T. and {Neilsen}, Jr., E.~H. and {Newman}, P.~R. and 
	{Nitta}, A. and {Odenkirchen}, M. and {Okada}, N. and {Okamura}, S. and 
	{Ostriker}, J.~P. and {Owen}, R. and {Pauls}, A.~G. and {Peoples}, J. and 
	{Peterson}, R.~S. and {Petravick}, D. and {Pope}, A. and {Pordes}, R. and 
	{Postman}, M. and {Prosapio}, A. and {Quinn}, T.~R. and {Rechenmacher}, R. and 
	{Rivetta}, C.~H. and {Rix}, H.-W. and {Rockosi}, C.~M. and {Rosner}, R. and 
	{Ruthmansdorfer}, K. and {Sandford}, D. and {Schneider}, D.~P. and 
	{Scranton}, R. and {Sekiguchi}, M. and {Sergey}, G. and {Sheth}, R. and 
	{Shimasaku}, K. and {Smee}, S. and {Snedden}, S.~A. and {Stebbins}, A. and 
	{Stubbs}, C. and {Szapudi}, I. and {Szkody}, P. and {Szokoly}, G.~P. and 
	{Tabachnik}, S. and {Tsvetanov}, Z. and {Uomoto}, A. and {Vogeley}, M.~S. and 
	{Voges}, W. and {Waddell}, P. and {Walterbos}, R. and {Wang}, S.-i. and 
	{Watanabe}, M. and {Weinberg}, D.~H. and {White}, R.~L. and 
	{White}, S.~D.~M. and {Wilhite}, B. and {Wolfe}, D. and {Yasuda}, N. and 
	{York}, D.~G. and {Zehavi}, I. and {Zheng}, W.},
    title = "{Sloan Digital Sky Survey: Early Data Release}",
  journal = {\aj},
 keywords = {Atlases, Catalogs, Surveys},
     year = 2002,
    month = jan,
   volume = 123,
    pages = {485-548},
      doi = {10.1086/324741},
   adsurl = {http://adsabs.harvard.edu/abs/2002AJ....123..485S},
  adsnote = {Provided by the SAO/NASA Astrophysics Data System}
}


@ARTICLE{LSSToverview,
  title={LSST: from science drivers to reference design and anticipated data products},
  author={{Ivezi\'c}, {\v{Z}}. and Tyson, J.~A. and Acosta, E. and Allsman, R. and Anderson, S.~F. and Andrew, J. and Angel, J.~R.~P. and Axelrod, T.~S. and Barr, J.~D. and Becker, A.~C. and others},
  journal = "arXiv:0805.2366v4", 
  archivePrefix = "arXiv",
  eprint = {0805.2366v4},
  year={2008}
}


@ARTICLE{York2000,
   author = {{York}, D.~G. and {Adelman}, J. and {Anderson}, Jr., J.~E. and 
	{Anderson}, S.~F. and {Annis}, J. and {Bahcall}, N.~A. and {Bakken}, J.~A. and 
	{Barkhouser}, R. and {Bastian}, S. and {Berman}, E. and {Boroski}, W.~N. and 
	{Bracker}, S. and {Briegel}, C. and {Briggs}, J.~W. and {Brinkmann}, J. and 
	{Brunner}, R. and {Burles}, S. and {Carey}, L. and {Carr}, M.~A. and 
	{Castander}, F.~J. and {Chen}, B. and {Colestock}, P.~L. and 
	{Connolly}, A.~J. and {Crocker}, J.~H. and {Csabai}, I. and 
	{Czarapata}, P.~C. and {Davis}, J.~E. and {Doi}, M. and {Dombeck}, T. and 
	{Eisenstein}, D. and {Ellman}, N. and {Elms}, B.~R. and {Evans}, M.~L. and 
	{Fan}, X. and {Federwitz}, G.~R. and {Fiscelli}, L. and {Friedman}, S. and 
	{Frieman}, J.~A. and {Fukugita}, M. and {Gillespie}, B. and 
	{Gunn}, J.~E. and {Gurbani}, V.~K. and {de Haas}, E. and {Haldeman}, M. and 
	{Harris}, F.~H. and {Hayes}, J. and {Heckman}, T.~M. and {Hennessy}, G.~S. and 
	{Hindsley}, R.~B. and {Holm}, S. and {Holmgren}, D.~J. and {Huang}, C.-h. and 
	{Hull}, C. and {Husby}, D. and {Ichikawa}, S.-I. and {Ichikawa}, T. and 
	{Ivezi{\'c}}, {\v Z}. and {Kent}, S. and {Kim}, R.~S.~J. and 
	{Kinney}, E. and {Klaene}, M. and {Kleinman}, A.~N. and {Kleinman}, S. and 
	{Knapp}, G.~R. and {Korienek}, J. and {Kron}, R.~G. and {Kunszt}, P.~Z. and 
	{Lamb}, D.~Q. and {Lee}, B. and {Leger}, R.~F. and {Limmongkol}, S. and 
	{Lindenmeyer}, C. and {Long}, D.~C. and {Loomis}, C. and {Loveday}, J. and 
	{Lucinio}, R. and {Lupton}, R.~H. and {MacKinnon}, B. and {Mannery}, E.~J. and 
	{Mantsch}, P.~M. and {Margon}, B. and {McGehee}, P. and {McKay}, T.~A. and 
	{Meiksin}, A. and {Merelli}, A. and {Monet}, D.~G. and {Munn}, J.~A. and 
	{Narayanan}, V.~K. and {Nash}, T. and {Neilsen}, E. and {Neswold}, R. and 
	{Newberg}, H.~J. and {Nichol}, R.~C. and {Nicinski}, T. and 
	{Nonino}, M. and {Okada}, N. and {Okamura}, S. and {Ostriker}, J.~P. and 
	{Owen}, R. and {Pauls}, A.~G. and {Peoples}, J. and {Peterson}, R.~L. and 
	{Petravick}, D. and {Pier}, J.~R. and {Pope}, A. and {Pordes}, R. and 
	{Prosapio}, A. and {Rechenmacher}, R. and {Quinn}, T.~R. and 
	{Richards}, G.~T. and {Richmond}, M.~W. and {Rivetta}, C.~H. and 
	{Rockosi}, C.~M. and {Ruthmansdorfer}, K. and {Sandford}, D. and 
	{Schlegel}, D.~J. and {Schneider}, D.~P. and {Sekiguchi}, M. and 
	{Sergey}, G. and {Shimasaku}, K. and {Siegmund}, W.~A. and {Smee}, S. and 
	{Smith}, J.~A. and {Snedden}, S. and {Stone}, R. and {Stoughton}, C. and 
	{Strauss}, M.~A. and {Stubbs}, C. and {SubbaRao}, M. and {Szalay}, A.~S. and 
	{Szapudi}, I. and {Szokoly}, G.~P. and {Thakar}, A.~R. and {Tremonti}, C. and 
	{Tucker}, D.~L. and {Uomoto}, A. and {Vanden Berk}, D. and {Vogeley}, M.~S. and 
	{Waddell}, P. and {Wang}, S.-i. and {Watanabe}, M. and {Weinberg}, D.~H. and 
	{Yanny}, B. and {Yasuda}, N. and {SDSS Collaboration}},
    title = "{The Sloan Digital Sky Survey: Technical Summary}",
  journal = {\aj},
   eprint = {astro-ph/0006396},
 keywords = {Cosmology: Observations, Instrumentation: Miscellaneous},
     year = 2000,
    month = sep,
   volume = 120,
    pages = {1579-1587},
      doi = {10.1086/301513},
   adsurl = {http://adsabs.harvard.edu/abs/2000AJ....120.1579Y},
  adsnote = {Provided by the SAO/NASA Astrophysics Data System}
}


@ARTICLE{Gunn2006,
   author = {{Gunn}, J.~E. and {Siegmund}, W.~A. and {Mannery}, E.~J. and 
	{Owen}, R.~E. and {Hull}, C.~L. and {Leger}, R.~F. and {Carey}, L.~N. and 
	{Knapp}, G.~R. and {York}, D.~G. and {Boroski}, W.~N. and {Kent}, S.~M. and 
	{Lupton}, R.~H. and {Rockosi}, C.~M. and {Evans}, M.~L. and 
	{Waddell}, P. and {Anderson}, J.~E. and {Annis}, J. and {Barentine}, J.~C. and 
	{Bartoszek}, L.~M. and {Bastian}, S. and {Bracker}, S.~B. and 
	{Brewington}, H.~J. and {Briegel}, C.~I. and {Brinkmann}, J. and 
	{Brown}, Y.~J. and {Carr}, M.~A. and {Czarapata}, P.~C. and 
	{Drennan}, C.~C. and {Dombeck}, T. and {Federwitz}, G.~R. and 
	{Gillespie}, B.~A. and {Gonzales}, C. and {Hansen}, S.~U. and 
	{Harvanek}, M. and {Hayes}, J. and {Jordan}, W. and {Kinney}, E. and 
	{Klaene}, M. and {Kleinman}, S.~J. and {Kron}, R.~G. and {Kresinski}, J. and 
	{Lee}, G. and {Limmongkol}, S. and {Lindenmeyer}, C.~W. and 
	{Long}, D.~C. and {Loomis}, C.~L. and {McGehee}, P.~M. and {Mantsch}, P.~M. and 
	{Neilsen}, Jr., E.~H. and {Neswold}, R.~M. and {Newman}, P.~R. and 
	{Nitta}, A. and {Peoples}, Jr., J. and {Pier}, J.~R. and {Prieto}, P.~S. and 
	{Prosapio}, A. and {Rivetta}, C. and {Schneider}, D.~P. and 
	{Snedden}, S. and {Wang}, S.-i.},
    title = "{The 2.5 m Telescope of the Sloan Digital Sky Survey}",
  journal = {\aj},
   eprint = {astro-ph/0602326},
 keywords = {Surveys, Telescopes},
     year = 2006,
    month = apr,
   volume = 131,
    pages = {2332-2359},
      doi = {10.1086/500975},
   adsurl = {http://adsabs.harvard.edu/abs/2006AJ....131.2332G},
  adsnote = {Provided by the SAO/NASA Astrophysics Data System}
}


